@inproceedings{lukac2011soundproof,
  title={SoundProof: A Smartphone Platform for Wireless Monitoring of Wildlife and Environment},
  author={Lukac, M and Monibi, M and Lane, ML and Howell, L and Ramanathan, N and Borker, A and McKown, M and Croll, D and Terschy, B},
  booktitle={AGU Fall Meeting Abstracts},
  volume={1},
  pages={06},
  year={2011}
}

@article{jo2013towards,
  title={Towards Motion Recognition on Smartphone},
  author={Jo, Hee Seung and Kwak, Young Tae},
  journal={Applied Mechanics and Materials},
  volume={284},
  pages={2561--2564},
  year={2013},
  publisher={Trans Tech Publ}
}

@inproceedings{heo2010user,
  title={User Demand Prediction from Application Usage Pattern in Virtual Smartphone},
  author={Heo, Joon and Terada, Kenji and Toyama, Masashi and Kurumatani, Shunsuke and Chen, Eric Y},
  booktitle={Cloud Computing Technology and Science (CloudCom), 2010 IEEE Second International Conference on},
  pages={449--455},
  year={2010},
  organization={IEEE}
}

@inproceedings{andrus2011cells,
  title={Cells: a virtual mobile smartphone architecture},
  author={Andrus, Jeremy and Dall, Christoffer and Hof, Alexander Van't and Laadan, Oren and Nieh, Jason},
  booktitle={Proceedings of the Twenty-Third ACM Symposium on Operating Systems Principles},
  pages={173--187},
  year={2011},
  organization={ACM}
}

@inproceedings{acharya2009phone,
  title={Phone virtualization using a microkernel hypervisor},
  author={Acharya, Amrit and Buford, John and Krishnaswamy, Venky},
  booktitle={Internet Multimedia Services Architecture and Applications (IMSAA), 2009 IEEE International Conference on},
  pages={1--6},
  year={2009},
  organization={IEEE}
}
